@Misc{DeathLooms,
  author={M. Haughton and Fuseli, Henry},
  title={Death looms above a group of people inflicted with various physical and mental diseases - a lazar house},
  year={1813},
  publisher={Royal Academy},
  address={London},
  note={Wellcome Library no. 20355i},
  url={https://catalogue.wellcomelibrary.org/record=b1178227~S8},
  annote       = {stipple engraving},
  keywords     = {artwork},
}
@Misc{Madness,
  author={Caius Gabriel Cibber},
  title={Statues of "raving" and "melancholy" madness, each reclining on one half of a pediment, formerly crowning the gates at Bethlem [Bedlam] Hospital},
  year={1680},
  address={London},
  note={Wellcome Library no. 25635i},
  url={https://wellcomecollection.org/works/tmczmfhz},
  annote       = {engraving},
  keywords     = {artwork},
}
@Misc{Scholar,
  author={Johann David Nessenthaler},
  title={A depressed scholar surrounded by mythological figures; representing the melancholy temperament},
  year={1750~},
  note={Wellcome Library no. 26893i},
  url={https://wellcomecollection.org/works/pg8suvar},
  annote       = {etching},
  keywords     = {artwork},
}
@Misc{Democritus,
  author={Hendrick ter Brugghen},
  title={Democritus},
  year={1628},
  note={SK-A-2783},
  url={http://hdl.handle.net/10934/RM0001.COLLECT.8087},
  annote       = {oil on canvas},
  keywords     = {artwork},
}
@Misc{Castiglione,
  title={Melancholie Vbi Inletabilitas ibi Virtus},
  author={Giovanni Benedetto Castiglione},
  year={1645~},
  note={RP-P-OB-12.169},
  url={http://hdl.handle.net/10934/RM0001.COLLECT.34966},
  annote       = {etching},
  keywords     = {artwork},
}
@Misc{Luxuria,
  title={Luxuria},
  author={Jacques Callot},
  year={1618~},
  address={Florence},
  note={RP-P-OB-4838},
  url={http://hdl.handle.net/10934/RM0001.COLLECT.40234},
  annote       = {etching},
  keywords     = {artwork},
}
@Misc{MementoMori,
  title={Memento mori},
  author={{Hendrick Hondius I}},
  year={1626~},
  address={The Hague},
  note={RP-P-1904-527},
  url={http://hdl.handle.net/10934/RM0001.COLLECT.124336},
  annote       = {etching},
  keywords     = {artwork},
}
@Misc{GulaGluttony,
  title={Gula},
  title-en={Gluttony},
  author={Jacques Callot},
  year={1618~},
  address={Florence},
  note={RP-P-OB-4837},
  url={http://hdl.handle.net/10934/RM0001.COLLECT.40233},
  annote       = {etching},
  keywords     = {artwork},
}
@Misc{Fortuna,
  title={Fortuna},
  author={Albrecht Dürer},
  year={1493~},
  address={Neurenberg},
  note={RP-P-OB-1243},
  url={http://hdl.handle.net/10934/RM0001.COLLECT.33190},
  annote       = {engraving},
  keywords     = {artwork},
}
@Misc{OrnamentMetPutti,
  title={Ornament met putti},
  author={{Meester PW van Keulen}},
  year={1500~},
  address={Germany},
  note={RP-P-OB-990},
  url={http://hdl.handle.net/10934/RM0001.COLLECT.29939},
  annote       = {engraving},
  keywords     = {artwork},
}
@Misc{MelancholicTemperament,
  title={Melancholic temperament},
  author={{Jacob de Gheyn II}},
  year={1596~},
  address={Leiden},
  note={RP-P-1892-A-17247},
  url={http://hdl.handle.net/10934/RM0001.COLLECT.367435},
  annote       = {engraving},
  keywords     = {artwork},
}
@Misc{WildBoar,
  title={Wild Boar},
  author={Wenceslaus Hollar},
  year={1644~},
  address={Antwerp},
  note={RP-P-OB-11.610},
  url={http://hdl.handle.net/10934/RM0001.COLLECT.32865},
  annote       = {etching},
  keywords     = {artwork},
}
@Misc{Chickens,
  title={Roosters, chickens, chicks and a wild boar},
  author={Anonymous},
  year={1650~},
  address={Antwerp},
  note={RP-P-OB-11.630},
  url={http://hdl.handle.net/10934/RM0001.COLLECT.32894},
  annote       = {etching},
  keywords     = {artwork},
}
@Misc{SoulAndSin,
  title={Soul personified meets Sin},
  author={Jan Luyken},
  year={1678~},
  address={Amsterdam},
  note={RP-P-1896-A-19368-13},
  url={http://hdl.handle.net/10934/RM0001.COLLECT.142414},
  annote       = {etching / letterpress printing},
  keywords     = {artwork},
}
@Misc{Vanitas,
  title={Vanitas},
  author={{Willem Isaacsz. van Swanenburg}},
  year={1611},
  address={Utrecht},
  note={RP-P-OB-60.803},
  url={http://hdl.handle.net/10934/RM0001.COLLECT.181650},
  annote       = {engraving},
  keywords     = {artwork},
}
@Misc{Philosophia,
  title        = {Philosophy writes in a book leaning on a globe},
  author       = {Jan Luyken},
  year         = {1688},
  address      = {Amsterdam},
  note         = {RP-P-OB-44.330},
  url          = {http://hdl.handle.net/10934/RM0001.COLLECT.143375},
  annote       = {etching},
  keywords     = {artwork},
}
@Misc{ArmedSkeletal,
  title        = {Armed Skeleton, Allegory of Death},
  author       = {Luca Bertelli},
  year         = {1565~},
  address      = {Venice},
  note         = {RP-P-2015-52-1},
  url          = {http://hdl.handle.net/10934/RM0001.COLLECT.597235},
  annote       = {etching with inscription: 'Even the most violent men are tamed by Death, which is more violent still.'},
  keywords     = {artwork},
}
@Misc{TheRichManandDeath,
  title        = {The Rich Man and Death},
  author       = {{Monogrammist AI (16th century)}},
  year         = {1553},
  address      = {Kampen},
  note         = {RP-P-1932-120},
  url          = {http://hdl.handle.net/10934/RM0001.COLLECT.37626},
  annote       = {print},
  keywords     = {artwork},
}
@Misc{MelancholieThais,
  title        = {Melancholie - The holy Thaïs},
  author       = {Parmigianino},
  year         = {1524~},
  address      = {Rome},
  note         = {RP-P-OB-12.231},
  url          = {http://hdl.handle.net/10934/RM0001.COLLECT.35055},
  annote       = {etching drypoint},
  keywords     = {artwork},
}
@Misc{MelencoliaI,
  title        = {Melencolia I},
  author       = {Albrecht Dürer},
  year         = {1514},
  address      = {Neurenberg},
  note         = {RP-P-OB-11.705},
  url          = {http://hdl.handle.net/10934/RM0001.COLLECT.33183},
  annote       = {engraving},
  keywords     = {artwork},
}
@Misc{SkeletonCrown,
  title        = {Reclining skeleton with crown and scepter},
  author       = {Richard Nicolaüs Roland Holst},
  year         = {1878~},
  note         = {RP-T-1979-98},
  url          = {http://hdl.handle.net/10934/RM0001.COLLECT.297785},
  annote       = {ink and chalk on cardboard},
  keywords     = {artwork},
}
@Misc{SpecvlvmPropriaeVilitatis,
  title        = {Specvlvm propriae vilitatis},
  title-en     = {Mirror of life},
  author       = {Theodoor Galle},
  year         = {1610},
  address      = {Antwerp},
  note         = {RP-P-OB-6757},
  url          = {http://library.rijksmuseum.nl/cgi-bin/koha/opac-detail.pl?biblionumber=41381},
  annote       = {engraving},
  keywords     = {artwork},
}
@Misc{IudasIscarioth,
  title        = {Iudas Iscarioth},
  author       = {{Willem Isaacsz. van Swanenburg}},
  year         = {1611},
  address      = {Utrecht},
  note         = {RP-P-1904-64},
  url          = {http://hdl.handle.net/10934/RM0001.COLLECT.181628},
  annote       = {engraving},
  keywords     = {artwork},
}
@Misc{Picart1683,
  title        = {Tables of the law, weaponry and ornament with skulls},
  author       = {Bernard Picart},
  year         = {1720~},
  address      = {Amsterdam},
  note         = {RP-P-1921-157},
  url          = {http://hdl.handle.net/10934/RM0001.COLLECT.312623},
  annote       = {etching engraving},
  keywords     = {artwork},
}
@Misc{PovertyRiches,
  title        = {Poverty is Easier to Carry than Riches},
  author       = {Hendrick Goltzius},
  year         = {1590~},
  address      = {Haarlem},
  note         = {RP-P-BI-4303},
  url          = {http://hdl.handle.net/10934/RM0001.COLLECT.87239},
  annote       = {engraving},
  keywords     = {artwork},
}
@Misc{VanitasStill,
  title        = {Vanitas Still Life},
  author       = {{Pieter Symonsz. Potter}},
  year         = {1646},
  note         = {SK-C-204},
  url          = {http://hdl.handle.net/10934/RM0001.COLLECT.5098},
  annote       = {oil on panel},
  keywords     = {artwork},
}
@Misc{SuicideofLucretia,
  title        = {Suicide of Lucretia},
  author       = {{Master with the Parrot}},
  year         = {1500/1525},
  note         = {SK-A-3225},
  url          = {http://hdl.handle.net/10934/RM0001.COLLECT.9033},
  annote       = {oil on panel},
  keywords     = {artwork},
}
@Misc{Invidia,
  title        = {Invidia},
  author       = {Jacques Callot},
  year         = {1618/1625},
  address      = {Florence},
  note         = {RP-P-OB-4839},
  url          = {http://hdl.handle.net/10934/RM0001.COLLECT.40235},
  annote       = {etching},
  keywords     = {artwork},
}
@Misc{JudithHolofernes,
  title        = {Judith with sword sitting on Holofernes' decapitated body},
  author       = {Barthel Beham},
  year         = {1525},
  address      = {Neurenberg},
  note         = {RP-P-OB-4179},
  url          = {http://hdl.handle.net/10934/RM0001.COLLECT.30905},
  annote       = {engraving},
  keywords     = {artwork},
}
@Misc{Hellebore,
  title        = {Nieskruid (Helleborus)},
  author       = {Anselmus Boëtius de Boodt},
  year         = {1596/1610},
  address      = {Praag},
  note         = {RP-T-BR-2017-1-10-54},
  url          = {http://hdl.handle.net/10934/RM0001.COLLECT.675911},
  annote       = {watercolor, deck paint, chalk and ink on paper},
  keywords     = {artwork},
}
@Misc{Borage,
  title        = {Borage},
  title+an     = {A borage (Borago officinalis), also called cucumber herb},
  author       = {{Crispijn van de Passe I}},
  year         = {1600/1604},
  address      = {Cologne},
  note         = {RP-P-2012-24-40},
  url          = {http://hdl.handle.net/10934/RM0001.COLLECT.514126},
  annote       = {engraving},
  keywords     = {artwork},
}
@Misc{DancingPeasantCouple,
  title        = {{Dancing peasant couple, man is throwing up}},
  author       = {{Hans Sebald Beham}},
  year         = {1537},
  address      = {Frankfurt},
  note         = {RP-P-OB-10.878},
  url          = {http://hdl.handle.net/10934/RM0001.COLLECT.31226},
  annote       = {engraving},
  keywords     = {artwork},
}
@Misc{VomitingMonk,
  title        = {{Vomiting monk}},
  author       = {{Jacob Gole}},
  year         = {1724},
  address      = {Amsterdam},
  note         = {RP-P-2003-96},
  url          = {http://hdl.handle.net/10934/RM0001.COLLECT.376802},
  annote       = {engraving},
  keywords     = {artwork},
}
@Misc{BrightSun,
  title        = {Bright Sun},
  author       = {Albert Flamen},
  year         = {1672},
  address      = {Paris},
  note         = {RP-P-1926-376},
  url          = {http://hdl.handle.net/10934/RM0001.COLLECT.110024},
  annote       = {etching},
  keywords     = {artwork},
}
@Misc{ThreeFishes,
  title        = {{Three fishes arranged crosswise}},
  author       = {{Jean Bernard}},
  year         = {1775/1833},
  note         = {RP-T-1904-248},
  url          = {http://hdl.handle.net/10934/RM0001.COLLECT.145012},
  annote       = {pencil on paper},
  keywords     = {artwork},
}
@Misc{Werewolf,
  title        = {{Werewolf with child and torn bodies}},
  author       = {{Lucas Cranach I}},
  year         = {1510/1515},
  note         = {RP-P-OB-4430},
  url          = {http://hdl.handle.net/10934/RM0001.COLLECT.31681},
  annote       = {engraving},
  keywords     = {artwork},
}
@Misc{SkyMap,
  title        = {{Sky map of the Northern Hemisphere}},
  author       = {{Albrecht Dürer}},
  year         = {1515},
  note         = {RP-P-OB-1493},
  url          = {http://hdl.handle.net/10934/RM0001.COLLECT.107192},
  annote       = {letterpress printing},
  keywords     = {artwork},
}
@Misc{WomanStars,
  title        = {{Woman beholds the moon and stars}},
  author       = {{Jan Luyken}},
  year         = {1687},
  note         = {RP-P-1896-A-19368-590},
  url          = {http://hdl.handle.net/10934/RM0001.COLLECT.143268},
  annote       = {letterpress printing},
  keywords     = {artwork},
}
@Misc{DeHorlendeKollendans,
  title        = {{Title page for the pamphlet: De Horlende Kollendans, on Tilburn}},
  author       = {{Romeyn de Hooghe}},
  year         = {1702},
  note         = {RP-P-1904-570},
  url          = {http://hdl.handle.net/10934/RM0001.COLLECT.385065},
  annote       = {letterpress printing},
  keywords     = {artwork},
}
@Misc{HelleborusNiger,
  title        = {{Helleborus Niger}},
  author       = {{Hans Weiditz}},
  year         = {1530},
  annote       = {From the book Herbarum vivae ei coneb by Otto Brunfels},
  url          = {https://wellcomecollection.org/works/ymnnnjhb},
  annote       = {woodcut},
  keywords     = {artwork},
}
@Misc{Borago,
  title        = {{Borago}},
  author       = {{Hans Weiditz}},
  year         = {1530},
  annote       = {From the book Herbarum vivae ei coneb by Otto Brunfels},
  url          = {https://wellcomecollection.org/works/ymnnnjhb},
  annote       = {woodcut},
  keywords     = {artwork},
}
@Misc{HelleborusNiger2,
  title        = {{Helleborus Niger}},
  author       = {{John Johnstone}},
  year         = {1855},
  url          = {https://wellcomecollection.org/works/gfkfxr9b},
  annote       = {engraving, with watercolour},
  keywords     = {artwork},
}
@Misc{Buglosa,
  title        = {{buglossa (borage)}},
  author       = {{Giambattista della Porta}},
  year         = {{1535/1615}},
  note         = {Wellcome Library no. 524729i},
  url          = {https://wellcomecollection.org/works/t8xbqvs2},
  annote       = {ink with watercolour},
  keywords     = {artwork},
}
@Misc{DemocritusinMeditation,
  title        = {Democritus in Meditation},
  annotation   = {{Inscribed and signed at lower left: "Democritus omnium derisor / in omnium fine defigitur / Salvator Rosa Inv. scul."}},
  author       = {{Salvator Rosa}},
  year         = {{1662}},
  address      = {Naples},
  url          = {https://www.metmuseum.org/art/collection/search/416110},
  annote       = {etching with drypoint},
  keywords     = {artwork},
}
@Misc{TheLoveSong,
  title        = {The Love Song},
  annotation   = {{Burne-Jones associated this painting with a refrain from a French folk ballad: "Alas, I know a love song, / Sad or happy, each in turn." Cupid, his arrows slung over his shoulder, works the bellows on the portative organ. This picture, which took nine years to complete, unites inspirations that shaped Burne-Jones’s art: medievalism, Italian Renaissance painting, romance, beauty, and music. Like a bittersweet melody, the scene suggests a mood of dreamy melancholy. As one critic observed, "There is no story: nothing to guess at, but everything to feel."}},
  author       = {{Edward Burne-Jones}},
  year         = {{1868/1877}},
  url          = {https://www.metmuseum.org/art/collection/search/435826},
  annote       = {oil on canvas},
  keywords     = {artwork},
}
@Misc{TheRightHandOfGodAgainstDemons,
  title        = {The Right Hand of God Protecting the Faithful against the Demons},
  annotation   = {{Inscription: [under the miniature, the opening line of the prayer at vespers of the Holy Spirit] Deus in adiutorium meum intende domine ad adiutum}},
  author       = {{Jean Fouquet}},
  year         = {{~1452}},
  url          = {https://www.metmuseum.org/art/collection/search/459207},
  annote       = {tempera and gold leaf on parchment},
  keywords     = {artwork},
}
