@Book{hesiod01,
  author={Hesiod},
  title={Works and Days},
  date={},
  lines={25-26},
  url={https://scaife.perseus.org/reader/urn:cts:greekLit:tlg0020.tlg002.perseus-grc2:25-26?qk=form&right=perseus-eng2},
}
